[gd_scene load_steps=16 format=2]

[ext_resource path="res://background.tscn" type="PackedScene" id=1]
[ext_resource path="res://assets/images/button_back.png" type="Texture" id=2]
[ext_resource path="res://assets/images/icons/killings.png" type="Texture" id=3]
[ext_resource path="res://fonts/game_42.tres" type="DynamicFont" id=4]
[ext_resource path="res://assets/images/icons/coins.png" type="Texture" id=5]
[ext_resource path="res://fonts/Hardpixel.OTF" type="DynamicFontData" id=6]
[ext_resource path="res://assets/images/icons/gistures.png" type="Texture" id=7]
[ext_resource path="res://assets/images/gistures_top.png" type="Texture" id=8]
[ext_resource path="res://sounds/melody.ogg" type="AudioStream" id=9]
[ext_resource path="res://sounds/battle/gameover.wav" type="AudioStream" id=10]
[ext_resource path="res://start_1.tscn" type="PackedScene" id=11]
[ext_resource path="res://player2.tscn" type="PackedScene" id=12]

[sub_resource type="GDScript" id=1]
script/source = "extends Node2D

var scale_factor = null
var minimum_size = Vector2(1334, 610)
var new_size = Vector2(0, 0)

func _ready():
	$ground.set_player($player)
	$ground.set_parent(self)
	VisualServer.texture_set_shrink_all_x2_on_set_data(true)
	#viewport.connect(\"size_changed\", self, \"window_resize\")
	window_resize()

func window_resize():
	var viewport = get_viewport()
	var current_size = OS.get_window_size()
	print(\"Current: \", current_size)

	scale_factor = minimum_size.y/current_size.y
	#action_gap = act_gap * (1 * scale_factor)
	new_size = Vector2(current_size.x*scale_factor, minimum_size.y)

	if new_size.y < minimum_size.y:
		scale_factor = minimum_size.y/new_size.y
		new_size = Vector2(new_size.x*scale_factor, minimum_size.y)
	if new_size.x < minimum_size.x:
		scale_factor = minimum_size.x/new_size.x
		new_size = Vector2(minimum_size.x, new_size.y*scale_factor)
	scale *= scale_factor
"

[sub_resource type="DynamicFont" id=2]
size = 130
outline_size = 4
outline_color = Color( 0.0901961, 0.105882, 0.2, 1 )
font_data = ExtResource( 6 )

[sub_resource type="DynamicFont" id=3]
size = 130
outline_size = 4
outline_color = Color( 0.0901961, 0.105882, 0.2, 1 )
font_data = ExtResource( 6 )

[node name="stage" type="Node2D"]
script = SubResource( 1 )

[node name="ParallaxBackground" parent="." instance=ExtResource( 1 )]
editor/display_folded = true

[node name="button_back" type="TextureButton" parent="ParallaxBackground"]
visible = false
margin_right = 40.0
margin_bottom = 40.0
texture_normal = ExtResource( 2 )

[node name="button_pause" type="TextureButton" parent="ParallaxBackground"]
margin_left = 1.79492
margin_top = 82.696
margin_right = 46.7949
margin_bottom = 127.696

[node name="killings" type="Sprite" parent="ParallaxBackground"]
editor/display_folded = true
visible = false
position = Vector2( 361.797, 28.0795 )
scale = Vector2( 0.331734, 0.331734 )
texture = ExtResource( 3 )

[node name="val" type="Label" parent="ParallaxBackground/killings"]
visible = false
margin_left = 88.9025
margin_top = -29.6342
margin_right = 128.902
margin_bottom = 21.3658
custom_fonts/font = ExtResource( 4 )
text = "0000"

[node name="coins" type="Sprite" parent="ParallaxBackground"]
position = Vector2( 510, 35.1673 )
scale = Vector2( 0.331734, 0.331734 )
texture = ExtResource( 5 )

[node name="val" type="Label" parent="ParallaxBackground/coins"]
margin_left = 88.9025
margin_top = -84.6446
margin_right = 400.902
margin_bottom = 71.3554
custom_fonts/font = SubResource( 2 )
text = "0000"

[node name="gistures" type="Sprite" parent="ParallaxBackground"]
position = Vector2( 303.817, 36 )
scale = Vector2( 0.331734, 0.331734 )
texture = ExtResource( 7 )

[node name="val" type="Label" parent="ParallaxBackground/gistures"]
margin_left = 90.4339
margin_top = -84.9422
margin_right = 402.434
margin_bottom = 71.0578
custom_fonts/font = SubResource( 3 )
text = "0000"

[node name="gistures_top" type="Sprite" parent="ParallaxBackground"]
position = Vector2( 107.817, 36 )
scale = Vector2( 0.331734, 0.331734 )
texture = ExtResource( 8 )

[node name="val" type="Label" parent="ParallaxBackground/gistures_top"]
margin_left = 90.4339
margin_top = -84.9422
margin_right = 402.434
margin_bottom = 71.0578
custom_fonts/font = SubResource( 3 )
text = "0000"

[node name="start_timer" type="Timer" parent="."]
wait_time = 2.0
one_shot = true
autostart = true

[node name="bgmusic" type="AudioStreamPlayer" parent="."]
stream = ExtResource( 9 )
volume_db = -14.542

[node name="gameover" type="AudioStreamPlayer" parent="."]
stream = ExtResource( 10 )
volume_db = -80.0

[node name="ground" parent="." instance=ExtResource( 11 )]

[node name="player" parent="." instance=ExtResource( 12 )]
[connection signal="pressed" from="ParallaxBackground/button_back" to="." method="_on_button_back_pressed"]
[connection signal="pressed" from="ParallaxBackground/button_pause" to="." method="_on_button_pause_pressed"]
